
@misc{ACRi_Room,
 author = {{アダプティブコンピューティング研究推進体}},
 title = {{ACRi ルーム}},
 howpublished = {\url{https://gw.acri.c.titech.ac.jp/wp/}, accessed 2024-03-28}
}

@inproceedings{TALE-fujieda,
  author = {N. Fujieda and A. Okuchi},
  booktitle = {12th International Conference on Teaching, Assessment and Learning for Engineering (TALE 2023)},
  title = {{A Novel Remote FPGA Lab Platform Using MCU-based Controller Board}},
  year = {2023},
  pages = {188--193},
  doi = {10.1109/TALE56641.2023.10398409}
}